<record><leader>00000cas a22000007a 4500</leader><controlfield tag="001">12101495</controlfield><controlfield tag="008">850531d18581862njuwr ne      0    0eng d</controlfield><datafield ind1=" " ind2=" " tag="010"><subfield code="a">sn 85035770 </subfield></datafield><datafield ind1=" " ind2=" " tag="040"><subfield code="a">NPA</subfield><subfield code="b">eng</subfield><subfield code="c">NPA</subfield><subfield code="d">NJW</subfield><subfield code="d">OCLCQ</subfield></datafield><datafield ind1=" " ind2=" " tag="042"><subfield code="a">msc</subfield></datafield><datafield ind1="0" ind2="4" tag="245"><subfield code="a">The People's beacon.</subfield></datafield><datafield ind1=" " ind2=" " tag="260"><subfield code="a">Lambertville, N.J. :</subfield><subfield code="b">Clark Pierson,</subfield><subfield code="c">1858-</subfield></datafield><datafield ind1=" " ind2=" " tag="300"><subfield code="a">v. :</subfield><subfield code="b">ill. (chiefly advertisements)</subfield></datafield><datafield ind1=" " ind2=" " tag="310"><subfield code="a">Weekly</subfield></datafield><datafield ind1="0" ind2=" " tag="362"><subfield code="a">New ser., v. 6, no. 261 (Nov. 26, 1858)-</subfield></datafield><datafield ind1="1" ind2=" " tag="362"><subfield code="a">Ceased with Nov. 7, 1862 issue.</subfield></datafield><datafield ind1=" " ind2=" " tag="500"><subfield code="a">Published simultaneously in New Hope, Pa., Nov. 19, 1858-&lt;Jan. 7, 1859&gt;.</subfield></datafield><datafield ind1=" " ind2=" " tag="530"><subfield code="a">Also issued on microfilm by Micro-Graphic Corp., Garfield, N.J.</subfield></datafield><datafield ind1=" " ind2=" " tag="752"><subfield code="a">United States</subfield><subfield code="b">New Jersey</subfield><subfield code="c">Hunterdon</subfield><subfield code="d">Lambertville.</subfield></datafield><datafield ind1=" " ind2=" " tag="752"><subfield code="a">United States</subfield><subfield code="b">New Jersey</subfield><subfield code="c">Bucks</subfield><subfield code="d">New Hope.</subfield></datafield><datafield ind1="0" ind2="0" tag="780"><subfield code="t">People's beacon and independent weekly record</subfield><subfield code="w">(DLC)sn 85035769</subfield><subfield code="w">(OCoLC)12101348</subfield></datafield><datafield ind1="0" ind2="0" tag="785"><subfield code="t">Beacon (Lambertville, N.J. : 1862)</subfield><subfield code="w">(DLC)sn 84026084</subfield><subfield code="w">(OCoLC)10283036</subfield></datafield></record>